
@book{Kna17,
    Author = {Andreas Knauf},
    year = {2017},
    title = {Mathematische Physik: Klassische Mechanik},
    publisher = {Springer Berlin Heidelberg},
}
@book{Kna20,
    Author = {Andreas Knauf},
    year = {2020},
    title = {Skript zur Vorlesung "Mathematik für Physikstudierende 3"},
    publisher = {},
}
@book{SB18,
    Author = {Herman Schulz Baldes},
    year = {2018},
    title = {Skript zur Vorlesung "Mathematik für Physiker 3"},
    publisher = {},
}
@book{Ten21,
    Author = {Daniel Tenbrinck},
    year = {2021},
    title = {Skript zur Vorlesung "Mathematik für Data Science 2"},
    publisher = {},
}