@book{burger_2020,
	Author = {Martin Burger},
    publisher ={},
 	title = {Skript zur Vorlesung "Mathematik für Data Science 1 / Physikstudierende A"},
 	year = {2020},
}

@book{fischer,
    Author = {Gerd Fischer},
    title = {Lineare Algebra},
    publisher ={},
    year = {2005},
}

@book{forster,
    Author = {Otto Forster},
    title = {Analysis 2},
    publisher ={},
    year = {2017},
}

@book{knauf,
    Author = {Andreas Knauf},
    title = {Skript zur Vorlesung "Mathematik für Physikstudierende 2"},
    publisher ={},
    year = {2020},
}

@book{nocedal_2006,
    Author = {Jorge Nocedal und Stephen J. Wright},
    publisher ={},
    title = {Numerical Optimization},
    year = {2006},
}

@book{tenbrinck_2021,
	Author = {Daniel Tenbrinck},
    publisher ={},
 	title = {Skript zur Vorlesung "Mathematik für Data Science 2"},
    url = {https://fau-ammn.github.io/MathDataScience2},
 	year = {2021},
}
